@INPROCEEDINGS{Nothman:08,
  author = {Joel Nothman and James R. Curran and Tara Murphy},
  title = {Transforming Wikipedia into named entity training data},
  booktitle = {In Proceedings of the Australasian Language Technology Association Workshop 2008},
  year = {2008},
  pages = {124--132}
}
@article{Medelyan:09,
 author = {Medelyan, Olena and Milne, David and Legg, Catherine and Witten, Ian H.},
 title = {Mining meaning from Wikipedia},
 journal = {Int. J. Hum.-Comput. Stud.},
 issue_date = {September, 2009},
 volume = {67},
 number = {9},
 month = sep,
 year = {2009},
 issn = {1071-5819},
 pages = {716--754},
 numpages = {39},
 url = {http://dx.doi.org/10.1016/j.ijhcs.2009.05.004},
 doi = {10.1016/j.ijhcs.2009.05.004},
 acmid = {1619040},
 publisher = {Academic Press, Inc.},
 address = {Duluth, MN, USA},
 keywords = {Information extraction, Information retrieval, NLP, Ontologies, Semantic web, Text mining, Wikipedia, Wikipedia mining},
} 
@INPROCEEDINGS{Szarvas:06,
  author = {Szarvas, György and Farkas, Richárd and Felföldi, László and Kocsor, András and Csirik, János}, huname=1,
  title = {A highly accurate Named Entity corpus for Hungarian},
  year = {2006},
  booktitle = {Electronic Proceedings of the 5th International Conference on Language Resources and Evaluation},
  month = {May}
}

@INPROCEEDINGS{Toral_2006.a,
    author = {Antonio Toral},
    title = {2006. A proposal to automatically build and maintain gazetteers for named entity recognition by using Wikipedia},
    booktitle = {In EACL 2006},
    year = {}
}

@inproceedings{KaTo07,
    author = {Kazama, Jun'ichi and Torisawa, Kentaro},
    booktitle = {Joint Conference on Empirical Methods in Natural Language Processing and Computational Natural Language Learning},
    pages = {698--707},
    title = {{Exploiting Wikipedia as External Knowledge for Named Entity Recognition}},
    url = {http://www.aclweb.org/anthology-new/D/D07/D07-1073.pdf},
    year = {2007}
}
