@InProceedings{simon-nemeskey:2012:NEWS2012,
  author    = {Simon, Eszter  and  Nemeskey, D\'{a}vid M\'{a}rk},
  title     = {Automatically generated NE tagged corpora for English and Hungarian},
  booktitle = {Proceedings of the 4th Named Entity Workshop (NEWS) 2012},
  month     = {July},
  year      = {2012},
  address   = {Jeju, Korea},
  publisher = {Association for Computational Linguistics},
  pages     = {38--46},
  url       = {http://www.aclweb.org/anthology/W12-4405}
}
