% This file was created with JabRef 2.7b.
% Encoding: UTF-8

@INPROCEEDINGS{bunescu-pasca_2006,
  author = {Bunescu, Razvan C. and Pasca, Marius},
  title = {Using Encyclopedic Knowledge for Named entity Disambiguation},
  booktitle = {EACL},
  year = {2006},
  publisher = {The Association for Computer Linguistics},
  added-at = {2008-10-14T14:15:50.000+0200},
  bibsource = {DBLP, http://dblp.uni-trier.de},
  biburl = {http://www.bibsonomy.org/bibtex/2719eb8a0cf3051964352f9a44b8619ff/hkorte},
  crossref = {DBLP:conf/eacl/2006},
  ee = {http://acl.ldc.upenn.edu/E/E06/E06-1002.pdf},
  interhash = {f1e2bfaf83e0af0d90b42c8f70394fa4},
  intrahash = {719eb8a0cf3051964352f9a44b8619ff},
  keywords = {disambiguation named_entity_recognition nlp wikipedia},
  timestamp = {2008-10-14T14:15:50.000+0200},
  url = {http://acl.ldc.upenn.edu/E/E06/E06-1002.pdf}
}

@INPROCEEDINGS{cucerzan_2007,
  author = {Cucerzan, Silviu},
  title = {Large-Scale Named Entity Disambiguation Based on Wikipedia Data.},
  booktitle = {EMNLP-CoNLL},
  year = {2007},
  pages = {708-716},
  publisher = {ACL},
  added-at = {2010-07-21T16:05:26.000+0200},
  biburl = {http://www.bibsonomy.org/bibtex/218e87cc07cdc0721883a29f9f86a3054/dblp},
  crossref = {conf/emnlp/2007},
  date = {2010-06-04},
  ee = {http://www.aclweb.org/anthology/D07-1074},
  interhash = {87b9ac8996ae301051b7382f7bda9cb5},
  intrahash = {18e87cc07cdc0721883a29f9f86a3054},
  keywords = {dblp},
  timestamp = {2010-07-21T16:05:26.000+0200},
  url = {http://dblp.uni-trier.de/db/conf/emnlp/emnlp2007.html#Cucerzan07}
}

@INPROCEEDINGS{kazama-torisawa_2007,
  author = {Kazama, Jun'ichi and Torisawa, Kentaro},
  title = {Exploiting Wikipedia as External Knowledge for Named Entity Recognition.},
  booktitle = {EMNLP-CoNLL},
  year = {2007},
  pages = {698-707},
  publisher = {ACL},
  added-at = {2010-07-21T16:05:26.000+0200},
  biburl = {http://www.bibsonomy.org/bibtex/2b247b86e1685bcd8e5b6b047e03b01bb/dblp},
  crossref = {conf/emnlp/2007},
  date = {2010-06-04},
  ee = {http://www.aclweb.org/anthology/D07-1073},
  interhash = {670ce5e1e79ed45f3164c208137709ed},
  intrahash = {b247b86e1685bcd8e5b6b047e03b01bb},
  keywords = {dblp},
  timestamp = {2010-07-21T16:05:26.000+0200},
  url = {http://dblp.uni-trier.de/db/conf/emnlp/emnlp2007.html#KazamaT07a}
}

@ARTICLE{balasuriya-ringland-nothman-murphy-curran_2009,
  author = {Balasuriya, Dominic and Ringland, Nicky and Nothman, Joel and Murphy,
	Tara and Curran, James R},
  title = {Named entity recognition in Wikipedia},
  journal = {Proceedings of the 2009 Workshop on The Peoples Web Meets NLP Collaboratively
	Constructed Semantic Resources Peoples Web 09},
  year = {2009},
  pages = {10--18},
  number = {August},
  publisher = {Association for Computational Linguistics},
  url = {http://portal.acm.org/citation.cfm?doid=1699765.1699767}
}

@ARTICLE{miningmeaning_2008,
  author = {Medelyan, Olena and Legg, Catherine and Milne, David N. and Witten,
	Ian H.},
  title = {Mining Meaning from Wikipedia},
  journal = {CoRR},
  year = {2008},
  volume = {abs/0809.4530},
  added-at = {2011-12-05T00:00:00.000+0100},
  biburl = {http://www.bibsonomy.org/bibtex/2ea1f1fbe648e9c650753a96ceb190fc6/dblp},
  ee = {http://arxiv.org/abs/0809.4530},
  interhash = {6614c7cd27d80abd691b2ef463941d1c},
  intrahash = {ea1f1fbe648e9c650753a96ceb190fc6},
  keywords = {dblp},
  timestamp = {2011-12-05T00:00:00.000+0100},
  url = {http://dblp.uni-trier.de/db/journals/corr/corr0809.html#abs-0809-4530}
}

@CONFERENCE{mihalcea_2007,
  author = {Mihalcea, R.},
  title = {Using Wikipedia for Automatic Word Sense Disambiguation},
  booktitle = {Proceedings of the Conference of the North American Chapter of the
	Association for Computational Linguistics (NAACL)},
  year = {2007},
  address = { Rochester},
  added-at = {2011-04-14T07:06:28.000+0200},
  biburl = {http://www.bibsonomy.org/bibtex/2caa42903aa0fe5076388fbb1650c1f69/wyswilson},
  interhash = {fd51d3221ba764562b83eaeb90a01cc1},
  intrahash = {caa42903aa0fe5076388fbb1650c1f69},
  keywords = {imported},
  timestamp = {2011-04-14T07:06:28.000+0200}
}

@INPROCEEDINGS{wikify_2007,
  author = {Mihalcea, Rada and Csomai, Andras},
  title = {Wikify!: linking documents to encyclopedic knowledge},
  booktitle = {CIKM '07: Proceedings of the sixteenth ACM conference on Conference
	on information and knowledge management},
  year = {2007},
  pages = {233--242},
  address = {New York, NY, USA},
  publisher = {ACM},
  added-at = {2009-12-13T19:03:24.000+0100},
  biburl = {http://www.bibsonomy.org/bibtex/21941ee467f90eea50421a56216e3f1c9/yovisto},
  doi = {http://doi.acm.org/10.1145/1321440.1321475},
  interhash = {8e00f4c1515b89a9a035c9d4b78d7bed},
  intrahash = {1941ee467f90eea50421a56216e3f1c9},
  isbn = {978-1-59593-803-9},
  keywords = {linkeddata lod sys:relevantFor:hpi.sw},
  location = {Lisbon, Portugal},
  timestamp = {2009-12-13T19:03:24.000+0100}
}

@ARTICLE{nadeau-turney-matwin_2006,
  author = {Nadeau, David and Turney, P and Matwin, Stan},
  title = {Unsupervised named-entity recognition: Generating gazetteers and
	resolving ambiguity},
  journal = {Advances in Artificial Intelligence},
  year = {2006},
  volume = {4013},
  pages = {266â€“277},
  number = {June},
  publisher = {Springer},
  url = {http://www.springerlink.com/index/T342540JV32V55W6.pdf}
}

@INBOOK{Toral_Munoz_2006,
  pages = {56},
  title = {A proposal to automatically build and maintain gazetteers for Named
	Entity Recognition by using Wikipedia},
  publisher = {Association for Computational Linguistics},
  year = {2006},
  author = {Toral, Antonio and Munoz, Rafael},
  booktitle = {Proceedings of the workshop on NEW TEXT Wikis and blogs and other
	dynamic text sources},
  url = {http://acl.ldc.upenn.edu/eacl2006/ws12_newtext.pdf#page=64}
}

@inproceedings{Loper:2002:NNL:1118108.1118117,
  author = {Loper, Edward and Bird, Steven},
  title = {NLTK: the Natural Language Toolkit},
  booktitle = {Proceedings of the ACL-02 Workshop on Effective tools and methodologies for teaching natural language processing and computational linguistics - Volume 1},
  series = {ETMTNLP '02},
  year = {2002},
  location = {Philadelphia, Pennsylvania},
  pages = {63--70},
  numpages = {8},
  url = {http://dx.doi.org/10.3115/1118108.1118117},
  doi = {10.3115/1118108.1118117},
  acmid = {1118117},
  publisher = {Association for Computational Linguistics},
  address = {Stroudsburg, PA, USA},
} 

